<record><leader>00000cas a2200000 a 4500</leader><controlfield tag="001">10657504</controlfield><controlfield tag="008">840424d182219uumduwr ne      0    0eng c</controlfield><datafield ind1=" " ind2=" " tag="010"><subfield code="a">sn 84026705 </subfield></datafield><datafield ind1=" " ind2=" " tag="040"><subfield code="a">NPU</subfield><subfield code="b">eng</subfield><subfield code="c">NPU</subfield><subfield code="d">NPX</subfield><subfield code="d">DLC</subfield><subfield code="d">MFN</subfield><subfield code="d">DLC</subfield><subfield code="d">NVK</subfield><subfield code="d">HLS</subfield><subfield code="d">NVF</subfield><subfield code="d">DLC</subfield><subfield code="d">OCLCQ</subfield><subfield code="d">OCLCF</subfield></datafield><datafield ind1="1" ind2=" " tag="029"><subfield code="a">AU@</subfield><subfield code="b">000020333671</subfield></datafield><datafield ind1=" " ind2=" " tag="042"><subfield code="a">pcc</subfield></datafield><datafield ind1=" " ind2=" " tag="043"><subfield code="a">n-us-md</subfield></datafield><datafield ind1="0" ind2="0" tag="245"><subfield code="a">Easton gazette.</subfield></datafield><datafield ind1=" " ind2=" " tag="260"><subfield code="a">Easton, Md. :</subfield><subfield code="b">A. Graham,</subfield><subfield code="c">1822-</subfield></datafield><datafield ind1=" " ind2=" " tag="300"><subfield code="a">v.</subfield></datafield><datafield ind1=" " ind2=" " tag="310"><subfield code="a">Weekly</subfield></datafield><datafield ind1="0" ind2=" " tag="362"><subfield code="a">Vol. 5, no. 218 (Feb. 9, 1822)-</subfield></datafield><datafield ind1="1" ind2=" " tag="362"><subfield code="a">Ceased with Nov. 1, 1929 issue?</subfield></datafield><datafield ind1=" " ind2=" " tag="500"><subfield code="a">Publishers: George C. Graham, 1846-1848 ; Graham &amp; Johnson, 1848-1856 ; Alfred P. Jump, 1856-1857 ; William H. Councell, 1857-1869 ; S.M. Pettengill &amp; Co., 1869-&lt;&gt; ; W.H. Councell &amp; Sons, &lt;1881-&gt; ; Wilson M. Taylor &amp; Bro. &lt;1885-&gt;.</subfield></datafield><datafield ind1=" " ind2="0" tag="651"><subfield code="a">Easton (Md.)</subfield><subfield code="v">Newspapers.</subfield></datafield><datafield ind1=" " ind2="0" tag="651"><subfield code="a">Talbot County (Md.)</subfield><subfield code="v">Newspapers.</subfield></datafield><datafield ind1=" " ind2="7" tag="655"><subfield code="a">Newspapers.</subfield><subfield code="2">fast</subfield><subfield code="0">(OCoLC)fst01423814</subfield></datafield><datafield ind1=" " ind2="7" tag="651"><subfield code="a">Maryland</subfield><subfield code="z">Easton.</subfield><subfield code="2">fast</subfield><subfield code="0">(OCoLC)fst01206532</subfield></datafield><datafield ind1=" " ind2="7" tag="651"><subfield code="a">Maryland</subfield><subfield code="z">Talbot County.</subfield><subfield code="2">fast</subfield><subfield code="0">(OCoLC)fst01211982</subfield></datafield><datafield ind1=" " ind2=" " tag="752"><subfield code="a">United States</subfield><subfield code="b">Maryland</subfield><subfield code="c">Talbot</subfield><subfield code="d">Easton.</subfield></datafield><datafield ind1="0" ind2="0" tag="780"><subfield code="t">Easton gazette, and eastern shore intelligencer</subfield><subfield code="w">(DLC)sn 83016217</subfield><subfield code="w">(OCoLC)9628579</subfield></datafield></record>